% ....názov súboru je: literatura.bib
% kniha

@inproceedings{sahay,
	author={Sahay, Ayush and Choudhury, Tanupriya and Kumar, Vivek},  
	booktitle={2019 International Conference on Computational Intelligence and Knowledge Economy (ICCIKE)},   
	title={Hierarchical Evolution of Digital Games},  
	year={2019}, 
	volume={},
	number={}, 	
	pages={381-386}, 
	doi={10.1109/ICCIKE47802.2019.9004378}

}

